%% This BibTeX bibliography file was created using BibDesk.
%% http://bibdesk.sourceforge.net/

%% Saved with string encoding Unicode (UTF-8) 



@techreport{atc13,
	Address = {California},
	Author = {{Applied Technology Council}},
	Date-Modified = {2011-03-21 13:46:44 +0100},
	Institution = {Seismic Safety Commission, Applied Technology Council (\textsc{atc})},
	Keywords = {ATC},
	Owner = {oropeza},
	Timestamp = {2008.01.11},
	Title = {{E}arthquake damage evaluation data for {C}alifornia},
	Year = {1985}}
	
@online{reactrelease,
  author = {Sammi Krug},
  title = {{Reactions Now Available Globally}},
  url = {http://newsroom.fb.com/news/2016/02/reactions-now-available-globally/},
  year = {2016},
  Timestamp = {2016.02.24},
  note = "[Online; accessed 05-December-2016]"
}

@online{mobileusage,
  author = {Sarah Perez},
  title = {{Majority Of Digital Media Consumption Now Takes Place In Mobile Apps}},
  url = {https://techcrunch.com/2014/08/21/majority-of-digital-media-consumption-now-takes-place-in-mobile-apps/},
  year = {2014},
  Timestamp = {2014.08.21},
  note = "[Online; accessed 06-December-2016]"
}